
@misc{TLS1,
  author = {T. Dierks and E. Rescorla},
  title = {The Transport Layer Security (TLS) Protocol Version 1.2. RFC 5246, Internet Engineering Task Force\},
  year = {2008}
}

@misc{TLS2,
  author = {},
  title = {{TLS 1.3}},
  howpublished = "\url{https://tlswg.github.io/tls13-spec/draft-ietf-tls-tls13.html}"
}

@inproceedings{drown,
  title={DROWN: Breaking TLS Using SSLv2.},
  author={Aviram, Nimrod and Schinzel, Sebastian and Somorovsky, Juraj and Heninger, Nadia and Dankel, Maik and Steube, Jens and Valenta, Luke and Adrian, David and Halderman, J Alex and Dukhovni, Viktor and others},
  booktitle={USENIX Security Symposium},
  pages={689--706},
  year={2016}
}

@misc{Openssl,
  author = {},
  title = {{Upgrading OpenSSL to prevent DROWN attack}},
  howpublished = "\url{http://http://blog.alyac.co.kr/554}"
}

@inproceedings{logjam,
  title={Imperfect forward secrecy: How Diffie-Hellman fails in practice},
  author={Adrian, David and Bhargavan, Karthikeyan and Durumeric, Zakir and Gaudry, Pierrick and Green, Matthew and Halderman, J Alex and Heninger, Nadia and Springall, Drew and Thom{\'e}, Emmanuel and Valenta, Luke and others},
  booktitle={Proceedings of the 22nd ACM SIGSAC Conference on Computer and Communications Security},
  pages={5--17},
  year={2015},
  organization={ACM}
}
@article{diffie,
  title={New directions in cryptography},
  author={Diffie, Whitfield and Hellman, Martin},
  journal={IEEE transactions on Information Theory},
  volume={22},
  number={6},
  pages={644--654},
  year={1976},
  publisher={IEEE}
}


%-------------------------------------------------------


















